<?xml version="1.0" encoding="UTF-8"?><collection xmlns="http://www.loc.gov/MARC21/slim"><record><leader>00485nam--2200181-i-4500</leader><controlfield tag="001">000030979</controlfield><controlfield tag="002">20161230</controlfield><controlfield tag="005">20161230201038</controlfield><controlfield tag="008">060222s1000------------r-----000-0-eng-d</controlfield><datafield ind1=" " ind2=" " tag="040"><subfield code="a">IFIN-HH</subfield></datafield><datafield ind1=" " ind2=" " tag="080"><subfield code="a">537.56</subfield></datafield><datafield ind1="1" ind2=" " tag="100"><subfield code="a">Llewellyn-jones, F</subfield></datafield><datafield ind1="1" ind2="0" tag="245"><subfield code="a">Ionization and breakdown in gases</subfield><subfield code="c">F. llewellyn-jones</subfield></datafield><datafield ind1=" " ind2=" " tag="260"><subfield code="a">London</subfield><subfield code="b">Methuen And Co.Ltd</subfield><subfield code="c">1957</subfield></datafield><datafield ind1=" " ind2=" " tag="300"><subfield code="a">176P</subfield></datafield><datafield ind1=" " ind2=" " tag="490"><subfield code="a">Methuen'S Physical Monographs</subfield></datafield><datafield ind1=" " ind2=" " tag="852"><subfield code="a">13646</subfield><subfield code="c">537.52</subfield></datafield><datafield ind1=" " ind2=" " tag="CAT"><subfield code="a">Sys</subfield><subfield code="c">20110803</subfield><subfield code="h">140031</subfield></datafield></record></collection>